<?xml version="1.0" encoding="UTF-8"?><record xmlns="http://www.loc.gov/MARC21/slim" xmlns:cinclude="http://apache.org/cocoon/include/1.0" xmlns:zs="http://www.loc.gov/zing/srw/">
  <leader>00454cz  a2200133n  4500</leader>
  <controlfield tag="001">n  94071159 </controlfield>
  <controlfield tag="003">DLC</controlfield>
  <controlfield tag="005">19940727071537.4</controlfield>
  <controlfield tag="008">940726n| acannaab|          |a ana |||  </controlfield>
  <datafield tag="010" ind1=" " ind2=" ">
    <subfield code="a">n  94071159 </subfield>
  </datafield>
  <datafield tag="040" ind1=" " ind2=" ">
    <subfield code="a">DLC</subfield>
    <subfield code="c">DLC</subfield>
    <subfield code="d">DLC</subfield>
  </datafield>
  <datafield tag="110" ind1="2" ind2="0">
    <subfield code="a">STP Specialty Technical Publishers</subfield>
  </datafield>
  <datafield tag="410" ind1="2" ind2="0">
    <subfield code="a">Specialty Technical Publishers</subfield>
  </datafield>
  <datafield tag="670" ind1=" " ind2=" ">
    <subfield code="a">Environmental compliance, c1992:</subfield>
    <subfield code="b">v. 1, t.p. (STP Specialty Technical Publishers, Inc.) t.p. verso (Specialty Technical Publishers)</subfield>
  </datafield>
</record>